<?xml version="1.0" encoding="UTF-8"?><collection xmlns="http://www.loc.gov/MARC21/slim"><record><leader>00438nam--2200145-i-4500</leader><controlfield tag="001">000031660</controlfield><controlfield tag="002">20161230</controlfield><controlfield tag="005">20170113190324</controlfield><controlfield tag="008">060222s1000------------r-----000-0-eng-d</controlfield><datafield ind1=" " ind2=" " tag="245"><subfield code="a">Macromolecular syntheses. A periodic publication of methods for the preparation of macromolecules</subfield></datafield><datafield ind1=" " ind2=" " tag="260"><subfield code="a">New York</subfield><subfield code="b">John Wiley And Sons, Inc</subfield><subfield code="c">1963</subfield></datafield><datafield ind1=" " ind2=" " tag="300"><subfield code="a">IX + 81 p</subfield></datafield><datafield ind1=" " ind2=" " tag="700"><subfield code="a">Overberger, G.C</subfield></datafield><datafield ind1=" " ind2=" " tag="852"><subfield code="a">15243</subfield></datafield><datafield ind1=" " ind2=" " tag="CAT"><subfield code="a">SYS</subfield><subfield code="c">20170113</subfield><subfield code="h">190324</subfield></datafield></record></collection>